@misc{perceptron_url,
  author = {Jia Li},
  title  = {Perceptron Learning Algorithm},
  year   = 2010,
  note   = "Available from: \url{http://sites.stat.psu.edu/~jiali/course/stat597e/notes2/percept.pdf} (2013-04-29) \\ \\ This is lecture slides from The Pennsylvania State University about the Perceptron algorithm. The most important reference to this pdf in our document is in Section 1.2.4"
}

@inbook{perceptron_ai,
  author    = {Stuart Russell and Peter Norvig},
  title     = {Artificial Intellegence, A Modern Approach},
  publisher = {Prentice Hall},
  year      = 2010,
  edition   = 3,
  pages     = {724},
  note      = "\\ \\ This page is about the Perceptron learning rule.
The most important reference to this page in our document is in Section 1.2.4"
}

@inbook{ngrams_ai,
  author    = {Stuart Russell and Peter Norvig},
  title     = {Artificial Intellegence, A Modern Approach},
  publisher = {Prentice Hall},
  year      = 2010,
  edition   = 3,
  pages     = {861-865},
  note      = "\\ \\ These pages is about n-grams.
The most important reference to these pages in our document is in Section 1.2.1"
}

@misc{svm_picture,
      author = "Fermentas Inc.",
      title = "SVM: Maximum margin separating hyperplane",
      month = "April",
      year = "2013",
      url = "http://scikit-learn.org/0.11/auto_examples/svm/plot_separating_hyperplane.html"
}
@misc{svmtrain_ref,
      author = "MathWorks",
      title = "Train support vector machine classifier",
      month = "April",
      year = "2013",
      url = "http://www.mathworks.se/help/stats/svmtrain.html"
}

@techreport{joachims,
      author = "Thorsten Joachims",
      title = "Text Categorization with Support Vector Machines: Learning with Many Relevant Features",
      institution = Computer Science Department of the University of Dortmund,
      year = "1997",
      note = "Available from: \url{http://www.cs.cornell.edu/People/tj/publications/joachims_97b.pdf} (2013-04-30) This report is about text classification and SVM.
The most important reference to this report in our document is in Section 1.2.1.\\ \\"
}

