@inbook{planning_ai,
  author    = {Stuart Russell and Peter Norvig},
  title     = {Artificial Intellegence, A Modern Approach},
  publisher = {Prentice Hall},
  year      = 2010,
  edition   = 3,
  pages     = {366},
  note      = "\\ \\ This page is an introduction to planning.
The most important reference to this page in our document is in Section 1, the introduction."
}

@misc{gf_url,
  title  = {GF - Grammatical Framework},
  year   = 2013,
  note   = "Available from: \url{http://www.grammaticalframework.org/} (2013-05-20) \\ \\ This is the official homepage of Grammatical Framework (GF). The most important reference to this page in our document is in Section 1.2.2 about the Grammatical Framework."
}

@misc{SHRDLU_url,
  author = {Terry Winograd}
  title  = {SHRDLU},
  year   = 2013,
  note   = "Available from: \url{http://hci.stanford.edu/winograd/shrdlu/} (2013-05-20) \\ \\ This is a page of Terry Winograd (who wrote SHRDLU) about SHRDLU. The most important reference to this page in our document is in Section 1.2.1 about SHRDLU."
}

@misc{SHRDLU_url,
  title  = {SHRDLU resurrection},
  year   = 2011,
  note   = "Available from: \url{http://www.semaphorecorp.com/misc/shrdlu.html} (2013-05-20) \\ \\ This is a page about SHRDLU. The most important reference to this page in our document is in Section 1.2.1 about SHRDLU."
}

@inbook{astar_ai,
  author    = {Stuart Russell and Peter Norvig},
  title     = {Artificial Intellegence, A Modern Approach},
  publisher = {Prentice Hall},
  year      = 2010,
  edition   = 3,
  pages     = {93-99},
  note      = "\\ \\ This page is about the search algorithm A*.
The most important reference to this page in our document is in Section 1.2.3 about A*."
}
